@misc{nvidia_te_docs,
  title        = {NVIDIA Transformer Engine: User Guide},
  howpublished = {\url{https://docs.nvidia.com/deeplearning/transformer-engine}},
  year         = {2025},
  note         = {Accessed: 29~July~2025}
}

@misc{nvidia_fp8_blog,
  author       = {{NVIDIA Developer Blog}},
  title        = {Floating‑Point 8: An Introduction to Efficient, Lower‑Precision AI Training},
  howpublished = {\url{https://developer.nvidia.com/blog/floating-point-8-an-introduction-to-efficient-lower-precision-ai-training/}},
  year         = {2025},
  note         = {Accessed: 29~July~2025}
}
